%YAML 1.1
%TAG !u! tag:unity3d.com,2011:
--- !u!1 &3355774752645799409
GameObject:
  m_ObjectHideFlags: 0
  m_CorrespondingSourceObject: {fileID: 0}
  m_PrefabInstance: {fileID: 0}
  m_PrefabAsset: {fileID: 0}
  serializedVersion: 6
  m_Component:
  - component: {fileID: 3658334647619142517}
  m_Layer: 0
  m_Name: PartWallUpFinal
  m_TagString: Untagged
  m_Icon: {fileID: 0}
  m_NavMeshLayer: 0
  m_StaticEditorFlags: 0
  m_IsActive: 1
--- !u!4 &3658334647619142517
Transform:
  m_ObjectHideFlags: 0
  m_CorrespondingSourceObject: {fileID: 0}
  m_PrefabInstance: {fileID: 0}
  m_PrefabAsset: {fileID: 0}
  m_GameObject: {fileID: 3355774752645799409}
  m_LocalRotation: {x: 0, y: 0, z: 0, w: 1}
  m_LocalPosition: {x: -45.15652, y: 62.2, z: 594.1}
  m_LocalScale: {x: 1, y: 1, z: 1}
  m_Children:
  - {fileID: 1062498673120563187}
  - {fileID: 1062498671964705533}
  - {fileID: 1062498671900473391}
  - {fileID: 1062498672290635142}
  m_Father: {fileID: 0}
  m_RootOrder: 0
  m_LocalEulerAnglesHint: {x: 0, y: 0, z: 0}
--- !u!1001 &6544719499501596393
PrefabInstance:
  m_ObjectHideFlags: 0
  serializedVersion: 2
  m_Modification:
    m_TransformParent: {fileID: 3658334647619142517}
    m_Modifications:
    - target: {fileID: 6083592735580255084, guid: a47f43560e1109e4484976c1743d5089,
        type: 3}
      propertyPath: m_Name
      value: WallUp
      objectReference: {fileID: 0}
    - target: {fileID: 6083592735580255087, guid: a47f43560e1109e4484976c1743d5089,
        type: 3}
      propertyPath: m_LocalPosition.x
      value: 1.2000008
      objectReference: {fileID: 0}
    - target: {fileID: 6083592735580255087, guid: a47f43560e1109e4484976c1743d5089,
        type: 3}
      propertyPath: m_LocalPosition.y
      value: 8.600006
      objectReference: {fileID: 0}
    - target: {fileID: 6083592735580255087, guid: a47f43560e1109e4484976c1743d5089,
        type: 3}
      propertyPath: m_LocalPosition.z
      value: 110.55994
      objectReference: {fileID: 0}
    - target: {fileID: 6083592735580255087, guid: a47f43560e1109e4484976c1743d5089,
        type: 3}
      propertyPath: m_LocalRotation.x
      value: -0
      objectReference: {fileID: 0}
    - target: {fileID: 6083592735580255087, guid: a47f43560e1109e4484976c1743d5089,
        type: 3}
      propertyPath: m_LocalRotation.y
      value: -0
      objectReference: {fileID: 0}
    - target: {fileID: 6083592735580255087, guid: a47f43560e1109e4484976c1743d5089,
        type: 3}
      propertyPath: m_LocalRotation.z
      value: -0
      objectReference: {fileID: 0}
    - target: {fileID: 6083592735580255087, guid: a47f43560e1109e4484976c1743d5089,
        type: 3}
      propertyPath: m_LocalRotation.w
      value: 1
      objectReference: {fileID: 0}
    - target: {fileID: 6083592735580255087, guid: a47f43560e1109e4484976c1743d5089,
        type: 3}
      propertyPath: m_RootOrder
      value: 3
      objectReference: {fileID: 0}
    - target: {fileID: 6083592735580255087, guid: a47f43560e1109e4484976c1743d5089,
        type: 3}
      propertyPath: m_LocalEulerAnglesHint.x
      value: 0
      objectReference: {fileID: 0}
    - target: {fileID: 6083592735580255087, guid: a47f43560e1109e4484976c1743d5089,
        type: 3}
      propertyPath: m_LocalEulerAnglesHint.y
      value: 0
      objectReference: {fileID: 0}
    - target: {fileID: 6083592735580255087, guid: a47f43560e1109e4484976c1743d5089,
        type: 3}
      propertyPath: m_LocalEulerAnglesHint.z
      value: 0
      objectReference: {fileID: 0}
    m_RemovedComponents: []
  m_SourcePrefab: {fileID: 100100000, guid: a47f43560e1109e4484976c1743d5089, type: 3}
--- !u!4 &1062498672290635142 stripped
Transform:
  m_CorrespondingSourceObject: {fileID: 6083592735580255087, guid: a47f43560e1109e4484976c1743d5089,
    type: 3}
  m_PrefabInstance: {fileID: 6544719499501596393}
  m_PrefabAsset: {fileID: 0}
--- !u!1001 &6544719499793579164
PrefabInstance:
  m_ObjectHideFlags: 0
  serializedVersion: 2
  m_Modification:
    m_TransformParent: {fileID: 3658334647619142517}
    m_Modifications:
    - target: {fileID: 6083592735580255084, guid: a47f43560e1109e4484976c1743d5089,
        type: 3}
      propertyPath: m_Name
      value: WallUp (1)
      objectReference: {fileID: 0}
    - target: {fileID: 6083592735580255087, guid: a47f43560e1109e4484976c1743d5089,
        type: 3}
      propertyPath: m_LocalPosition.x
      value: 1.2000008
      objectReference: {fileID: 0}
    - target: {fileID: 6083592735580255087, guid: a47f43560e1109e4484976c1743d5089,
        type: 3}
      propertyPath: m_LocalPosition.y
      value: 25.700005
      objectReference: {fileID: 0}
    - target: {fileID: 6083592735580255087, guid: a47f43560e1109e4484976c1743d5089,
        type: 3}
      propertyPath: m_LocalPosition.z
      value: 120.49994
      objectReference: {fileID: 0}
    - target: {fileID: 6083592735580255087, guid: a47f43560e1109e4484976c1743d5089,
        type: 3}
      propertyPath: m_LocalRotation.x
      value: -0
      objectReference: {fileID: 0}
    - target: {fileID: 6083592735580255087, guid: a47f43560e1109e4484976c1743d5089,
        type: 3}
      propertyPath: m_LocalRotation.y
      value: -0
      objectReference: {fileID: 0}
    - target: {fileID: 6083592735580255087, guid: a47f43560e1109e4484976c1743d5089,
        type: 3}
      propertyPath: m_LocalRotation.z
      value: -0
      objectReference: {fileID: 0}
    - target: {fileID: 6083592735580255087, guid: a47f43560e1109e4484976c1743d5089,
        type: 3}
      propertyPath: m_LocalRotation.w
      value: 1
      objectReference: {fileID: 0}
    - target: {fileID: 6083592735580255087, guid: a47f43560e1109e4484976c1743d5089,
        type: 3}
      propertyPath: m_RootOrder
      value: 0
      objectReference: {fileID: 0}
    - target: {fileID: 6083592735580255087, guid: a47f43560e1109e4484976c1743d5089,
        type: 3}
      propertyPath: m_LocalEulerAnglesHint.x
      value: 0
      objectReference: {fileID: 0}
    - target: {fileID: 6083592735580255087, guid: a47f43560e1109e4484976c1743d5089,
        type: 3}
      propertyPath: m_LocalEulerAnglesHint.y
      value: 0
      objectReference: {fileID: 0}
    - target: {fileID: 6083592735580255087, guid: a47f43560e1109e4484976c1743d5089,
        type: 3}
      propertyPath: m_LocalEulerAnglesHint.z
      value: 0
      objectReference: {fileID: 0}
    m_RemovedComponents: []
  m_SourcePrefab: {fileID: 100100000, guid: a47f43560e1109e4484976c1743d5089, type: 3}
--- !u!4 &1062498673120563187 stripped
Transform:
  m_CorrespondingSourceObject: {fileID: 6083592735580255087, guid: a47f43560e1109e4484976c1743d5089,
    type: 3}
  m_PrefabInstance: {fileID: 6544719499793579164}
  m_PrefabAsset: {fileID: 0}
--- !u!1001 &6544719500982078272
PrefabInstance:
  m_ObjectHideFlags: 0
  serializedVersion: 2
  m_Modification:
    m_TransformParent: {fileID: 3658334647619142517}
    m_Modifications:
    - target: {fileID: 6083592735580255084, guid: a47f43560e1109e4484976c1743d5089,
        type: 3}
      propertyPath: m_Name
      value: WallUp (3)
      objectReference: {fileID: 0}
    - target: {fileID: 6083592735580255087, guid: a47f43560e1109e4484976c1743d5089,
        type: 3}
      propertyPath: m_LocalPosition.x
      value: 1.2
      objectReference: {fileID: 0}
    - target: {fileID: 6083592735580255087, guid: a47f43560e1109e4484976c1743d5089,
        type: 3}
      propertyPath: m_LocalPosition.y
      value: 55.8
      objectReference: {fileID: 0}
    - target: {fileID: 6083592735580255087, guid: a47f43560e1109e4484976c1743d5089,
        type: 3}
      propertyPath: m_LocalPosition.z
      value: 120.5
      objectReference: {fileID: 0}
    - target: {fileID: 6083592735580255087, guid: a47f43560e1109e4484976c1743d5089,
        type: 3}
      propertyPath: m_LocalRotation.x
      value: -0
      objectReference: {fileID: 0}
    - target: {fileID: 6083592735580255087, guid: a47f43560e1109e4484976c1743d5089,
        type: 3}
      propertyPath: m_LocalRotation.y
      value: -0
      objectReference: {fileID: 0}
    - target: {fileID: 6083592735580255087, guid: a47f43560e1109e4484976c1743d5089,
        type: 3}
      propertyPath: m_LocalRotation.z
      value: -0
      objectReference: {fileID: 0}
    - target: {fileID: 6083592735580255087, guid: a47f43560e1109e4484976c1743d5089,
        type: 3}
      propertyPath: m_LocalRotation.w
      value: 1
      objectReference: {fileID: 0}
    - target: {fileID: 6083592735580255087, guid: a47f43560e1109e4484976c1743d5089,
        type: 3}
      propertyPath: m_RootOrder
      value: 2
      objectReference: {fileID: 0}
    - target: {fileID: 6083592735580255087, guid: a47f43560e1109e4484976c1743d5089,
        type: 3}
      propertyPath: m_LocalEulerAnglesHint.x
      value: 0
      objectReference: {fileID: 0}
    - target: {fileID: 6083592735580255087, guid: a47f43560e1109e4484976c1743d5089,
        type: 3}
      propertyPath: m_LocalEulerAnglesHint.y
      value: 0
      objectReference: {fileID: 0}
    - target: {fileID: 6083592735580255087, guid: a47f43560e1109e4484976c1743d5089,
        type: 3}
      propertyPath: m_LocalEulerAnglesHint.z
      value: 0
      objectReference: {fileID: 0}
    m_RemovedComponents: []
  m_SourcePrefab: {fileID: 100100000, guid: a47f43560e1109e4484976c1743d5089, type: 3}
--- !u!4 &1062498671900473391 stripped
Transform:
  m_CorrespondingSourceObject: {fileID: 6083592735580255087, guid: a47f43560e1109e4484976c1743d5089,
    type: 3}
  m_PrefabInstance: {fileID: 6544719500982078272}
  m_PrefabAsset: {fileID: 0}
--- !u!1001 &6544719501050487186
PrefabInstance:
  m_ObjectHideFlags: 0
  serializedVersion: 2
  m_Modification:
    m_TransformParent: {fileID: 3658334647619142517}
    m_Modifications:
    - target: {fileID: 6083592735580255084, guid: a47f43560e1109e4484976c1743d5089,
        type: 3}
      propertyPath: m_Name
      value: WallUp (2)
      objectReference: {fileID: 0}
    - target: {fileID: 6083592735580255087, guid: a47f43560e1109e4484976c1743d5089,
        type: 3}
      propertyPath: m_LocalPosition.x
      value: 1.2000008
      objectReference: {fileID: 0}
    - target: {fileID: 6083592735580255087, guid: a47f43560e1109e4484976c1743d5089,
        type: 3}
      propertyPath: m_LocalPosition.y
      value: 39.200005
      objectReference: {fileID: 0}
    - target: {fileID: 6083592735580255087, guid: a47f43560e1109e4484976c1743d5089,
        type: 3}
      propertyPath: m_LocalPosition.z
      value: 110.55991
      objectReference: {fileID: 0}
    - target: {fileID: 6083592735580255087, guid: a47f43560e1109e4484976c1743d5089,
        type: 3}
      propertyPath: m_LocalRotation.x
      value: -0
      objectReference: {fileID: 0}
    - target: {fileID: 6083592735580255087, guid: a47f43560e1109e4484976c1743d5089,
        type: 3}
      propertyPath: m_LocalRotation.y
      value: -0
      objectReference: {fileID: 0}
    - target: {fileID: 6083592735580255087, guid: a47f43560e1109e4484976c1743d5089,
        type: 3}
      propertyPath: m_LocalRotation.z
      value: -0
      objectReference: {fileID: 0}
    - target: {fileID: 6083592735580255087, guid: a47f43560e1109e4484976c1743d5089,
        type: 3}
      propertyPath: m_LocalRotation.w
      value: 1
      objectReference: {fileID: 0}
    - target: {fileID: 6083592735580255087, guid: a47f43560e1109e4484976c1743d5089,
        type: 3}
      propertyPath: m_RootOrder
      value: 1
      objectReference: {fileID: 0}
    - target: {fileID: 6083592735580255087, guid: a47f43560e1109e4484976c1743d5089,
        type: 3}
      propertyPath: m_LocalEulerAnglesHint.x
      value: 0
      objectReference: {fileID: 0}
    - target: {fileID: 6083592735580255087, guid: a47f43560e1109e4484976c1743d5089,
        type: 3}
      propertyPath: m_LocalEulerAnglesHint.y
      value: 0
      objectReference: {fileID: 0}
    - target: {fileID: 6083592735580255087, guid: a47f43560e1109e4484976c1743d5089,
        type: 3}
      propertyPath: m_LocalEulerAnglesHint.z
      value: 0
      objectReference: {fileID: 0}
    m_RemovedComponents: []
  m_SourcePrefab: {fileID: 100100000, guid: a47f43560e1109e4484976c1743d5089, type: 3}
--- !u!4 &1062498671964705533 stripped
Transform:
  m_CorrespondingSourceObject: {fileID: 6083592735580255087, guid: a47f43560e1109e4484976c1743d5089,
    type: 3}
  m_PrefabInstance: {fileID: 6544719501050487186}
  m_PrefabAsset: {fileID: 0}
